@inproceedings{osvik-cache-attacks,
  title={Cache attacks and countermeasures: the case of AES},
  author={Osvik, Dag Arne and Shamir, Adi and Tromer, Eran},
  booktitle={Cryptographersâ€™ track at the RSA conference},
  pages={1--20},
  year={2006},
  organization={Springer}
}

@inproceedings{percival-rsa,
  title={CACHE MISSING FOR FUN AND PROFIT},
  author={Colin Percival},
  year={2005}
}

@inproceedings{fuchs-disruptive,
  title={Disruptive prefetching: impact on side-channel attacks and cache designs},
  author={Fuchs, Adi and Lee, Ruby B},
  booktitle={Proceedings of the 8th ACM International Systems and Storage Conference},
  pages={14},
  year={2015},
  organization={ACM}
}

@inproceedings{fu-stride,
 author = {Fu, John W. C. and Patel, Janak H. and Janssens, Bob L.},
 title = {Stride Directed Prefetching in Scalar Processors},
 booktitle = {Proceedings of the 25th Annual International Symposium on Microarchitecture},
 series = {MICRO 25},
 year = {1992},
 isbn = {0-8186-3175-9},
 location = {Portland, Oregon, USA},
 pages = {102--110},
 numpages = {9},
 url = {http://dl.acm.org/citation.cfm?id=144953.145006},
 acmid = {145006},
 publisher = {IEEE Computer Society Press},
 address = {Los Alamitos, CA, USA},
} 
