@inproceedings{osvik-cache-attacks,
  title={Cache attacks and countermeasures: the case of AES},
  author={Osvik, Dag Arne and Shamir, Adi and Tromer, Eran},
  booktitle={Cryptographers’ track at the RSA conference},
  pages={1--20},
  year={2006},
  organization={Springer}
}

@inproceedings{percival-rsa,
  title={CACHE MISSING FOR FUN AND PROFIT},
  author={Colin Percival},
  year={2005}
}

@inproceedings {yaron-falkner,
author = {Yuval Yarom and Katrina Falkner},
title = {FLUSH+RELOAD: A High Resolution, Low Noise, L3 Cache Side-Channel Attack},
booktitle = {23rd {USENIX} Security Symposium ({USENIX} Security 14)},
year = {2014},
isbn = {978-1-931971-15-7},
address = {San Diego, CA},
pages = {719--732},
url = {https://www.usenix.org/conference/usenixsecurity14/technical-sessions/presentation/yarom},
publisher = {{USENIX} Association},
}

@inproceedings{fuchs-disruptive,
  title={Disruptive prefetching: impact on side-channel attacks and cache designs},
  author={Fuchs, Adi and Lee, Ruby B},
  booktitle={Proceedings of the 8th ACM International Systems and Storage Conference},
  pages={14},
  year={2015},
  organization={ACM}
}

@inproceedings{fu-stride,
 author = {Fu, John W. C. and Patel, Janak H. and Janssens, Bob L.},
 title = {Stride Directed Prefetching in Scalar Processors},
 booktitle = {Proceedings of the 25th Annual International Symposium on Microarchitecture},
 series = {MICRO 25},
 year = {1992},
 isbn = {0-8186-3175-9},
 location = {Portland, Oregon, USA},
 pages = {102--110},
 numpages = {9},
 url = {http://dl.acm.org/citation.cfm?id=144953.145006},
 acmid = {145006},
 publisher = {IEEE Computer Society Press},
 address = {Los Alamitos, CA, USA},
}

@misc{intel-x86,
    author={Intel®},
    title={Intel® 64 and IA-32 ArchitecturesSoftware Developer’s Manual},
    url={https://www.intel.com/content/dam/www/public/us/en/documents/manuals/64-ia-32-architectures-software-developer-instruction-set-reference-manual-325383.pdf}
}

@article{dcpt,
  title={Storage efficient hardware prefetching using delta-correlating prediction tables},
  author={Grannaes, Marius and Jahre, Magnus and Natvig, Lasse},
  journal={Journal of Instruction-Level Parallelism},
  volume={13},
  pages={1--16},
  year={2011}
}
